@article{schretter-golden_ratio_sequences-2012,
    author = {Schretter, Colas and Kobbelt, Leif and Dehaye, Paul-Olivier},
    year = {2012},
    month = {06},
    pages = {9},
    title = {{Golden Ratio Sequences for Low-Discrepancy Sampling}},
    volume = {16},
    journal = {Journal of Graphics Tools},
    doi = {10.1080/2165347X.2012.679555}
}
@article{chen_asau-generating_random_variates-1974,
    author = { Hui-Chuan   Chen  and  Yoshinori   Asau },
    title = {{On Generating Random Variates from an Empirical Distribution}},
    journal = {A I I E Transactions},
    volume = {6},
    number = {2},
    pages = {163-166},
    year  = {1974},
    publisher = {Taylor & Francis},
    doi = {10.1080/05695557408974949},
    URL = {https://doi.org/10.1080/05695557408974949},
    eprint = {https://doi.org/10.1080/05695557408974949}
}
@article{walker-generating_discrete_random_variables-1977,
    author = {Walker, Alastair J.},
    title = {{An Efficient Method for Generating Discrete Random Variables with General Distributions}},
    year = {1977},
    issue_date = {Sept. 1977},
    publisher = {Association for Computing Machinery},
    address = {New York, NY, USA},
    volume = {3},
    number = {3},
    issn = {0098-3500},
    url = {https://doi.org/10.1145/355744.355749},
    doi = {10.1145/355744.355749},
    journal = {ACM Trans. Math. Softw.},
    month = sep,
    pages = {253â€“256},
    numpages = {4}
}
@book{devroye-non_uniform_random_variate-1986,
    title={{Non-Uniform Random Variate Generation}},
    author={Luc Devroye},
    year={1986},
    publisher={Springer New York}
}
@inproceedings{frisch_hanebeck-deterministic_gaussian_sampling-2021,
    address = {South Africa},
    author = {Daniel Frisch and Uwe D. Hanebeck},
    booktitle = {{Proceedings of the 24th International Conference on Information Fusion (Fusion 2021)}},
    month = {November},
    title = {Deterministic Gaussian Sampling With Generalized Fibonacci Grids},
    year = {2021}
}
@article{wong_luk_heng-halton_points_sampling-1997,
    author = { Tien-Tsin   Wong  and  Wai-Shing   Luk  and  Pheng-Ann   Heng },
    title = {{Sampling with Hammersley and Halton Points}},
    journal = {Journal of Graphics Tools},
    volume = {2},
    number = {2},
    pages = {9-24},
    year  = {1997},
    publisher = {Taylor & Francis},
    doi = {10.1080/10867651.1997.10487471},
    URL = {https://doi.org/10.1080/10867651.1997.10487471},
    eprint = {https://doi.org/10.1080/10867651.1997.10487471}
}
@article{yan-blue_noise_sampling-2015,
    title={{A survey of blue-noise sampling and its applications}},
    author={Yan, Dong-Ming and Guo, Jian-Wei and Wang, Bin and Zhang, Xiao-Peng and Wonka, Peter},
    journal={Journal of Computer Science and Technology},
    volume={30},
    number={3},
    pages={439--452},
    year={2015},
    publisher={Springer}
}
@article{prasad-rank1lattice-1973,
    title={{Strong rigidity of Q-rank 1 lattices}},
    author={Prasad, Gopal},
    journal={Inventiones mathematicae},
    volume={21},
    number={4},
    pages={255--286},
    year={1973},
    publisher={Springer}
}
